@article{aitchison1989multivariate,
  title={The multivariate Poisson-log normal distribution},
  author={Aitchison, John and Ho, CH},
  journal={Biometrika},
  volume={76},
  number={4},
  pages={643--653},
  year={1989},
  publisher={Oxford University Press}
}


@article{varin2011overview,
  title={An overview of composite likelihood methods},
  author={Varin, Cristiano and Reid, Nancy and Firth, David},
  journal={Statistica Sinica},
  pages={5--42},
  year={2011},
  publisher={JSTOR}
}

@book{rivoirard,
  TITLE = {{Statistique math{\'e}matique en action}},
  AUTHOR = {Rivoirard, Vincent and Stoltz, Gilles},
  URL = {https://hal.archives-ouvertes.fr/hal-00768869},
  PUBLISHER = {{Vuibert}},
  PAGES = {448},
  YEAR = {2012},
  HAL_ID = {hal-00768869},
  HAL_VERSION = {v1},
}

@inbook{vaart_1998, place={Cambridge}, series={Cambridge Series in Statistical and Probabilistic Mathematics}, title={M- and Z-Estimators}, DOI={10.1017/CBO9780511802256.006}, booktitle={Asymptotic Statistics}, publisher={Cambridge University Press}, author={Vaart, A. W. van der}, year={1998}, pages={41â€“84}, collection={Cambridge Series in Statistical and Probabilistic Mathematics}}

@article{chiquet2017variational,
  title={Variational inference for probabilistic Poisson PCA},
  author={Chiquet, Julien and Mariadassou, Mahendra and Robin, St{\'e}phane},
  journal={arXiv preprint arXiv:1703.06633},
  year={2017}
}


@article{pedeli2018pairwise,
  title={Pairwise likelihood estimation of latent autoregressive count models},
  author={Pedeli, Xanthi and Varin, Cristiano},
  journal={arXiv preprint arXiv:1805.10865},
  year={2018}
}

@article{varin2008composite,
  title={On composite marginal likelihoods},
  author={Varin, Cristiano},
  journal={AStA Advances in Statistical Analysis},
  volume={92},
  number={1},
  pages={1},
  year={2008},
  publisher={Springer}
}

@article{lele2006sampling,
  title={SAMPLING VARIABILITY AND ESTIMATES OF DENSITY DEPENDENCE: A COMPOSITE-LIKELIHOOD APPROACH},
  author={Lele, Subhash R},
  journal={Ecology},
  volume={87},
  number={1},
  pages={189--202},
  year={2006},
  publisher={Wiley Online Library}
}

@article{petersen2008matrix,
  title={The matrix cookbook},
  author={Petersen, Kaare Brandt and Pedersen, Michael Syskind and others},
  journal={Technical University of Denmark},
  volume={7},
  number={15},
  pages={510},
  year={2008}
}

@book{daudin1999statistique,
  title={Statistique inf{\'e}rentielle: id{\'e}es, d{\'e}marches, exemples},
  author={Daudin, Jean-Jacques and Robin, St{\'e}phane and Vuillet, Colette},
  year={1999}
}


@article{Kruskal1956,
 ISSN = {00029939, 10886826},
 URL = {http://www.jstor.org/stable/2033241},
 author = {Joseph B. Kruskal},
 journal = {Proceedings of the American Mathematical Society},
 number = {1},
 pages = {48--50},
 publisher = {American Mathematical Society},
 title = {On the Shortest Spanning Subtree of a Graph and the Traveling Salesman Problem},
 volume = {7},
 year = {1956}
}
