@article{IYA17,
  title={A review of multivariate distributions for count data derived from the Poisson distribution},
  author={Inouye, D. I and Yang, E. and Allen, G. I and Ravikumar, P.},
  journal={Wiley Interdisciplinary Reviews: Computational Statistics},
  volume={9},
  number={3},
  year={2017},
  publisher={Wiley Online Library}
}

@article{Izs08,
  title={Maximum likelihood fitting of the {P}oisson log-normal distribution},
  author={Izs{\'a}k, R.},
  journal={Environmental and Ecological Statistics},
  volume={15},
  number={2},
  pages={143--156},
  year={2008},
  publisher={Springer}
}

@InCollection{Sha88,
 author = {Shaban, S. A},
 title = {Poisson-lognormal distributions},
 booktitle = {Lognormal distributions: theory and applications},
 pages={195--210},
 publisher = {Marcel Dekker: New York and Basel},
 year = {1988},
 editor = {Crow, E. L and Shimizu, K.},
}

@article{VRF11,
  added-at = {2011-08-07T18:55:55.000+0200},
  author = {Varin, C. and Reid, N. and Firth, D.},
  biburl = {http://www.bibsonomy.org/bibtex/219dc051fdee730526c518c1b7b1ddb8b/marsianus},
  institution = {Ca' Foscari University of Venice, University of Toronto and University of Warwick},
  interhash = {c9c8ea1a6b932ded2abafd9e4b76ed1b},
  intrahash = {19dc051fdee730526c518c1b7b1ddb8b},
  journal = {Statistica Sinica},
  keywords = {Likelihood:composite Likelihood},
  pages = {5-42},
  timestamp = {2011-08-07T18:55:55.000+0200},
  title = {An Overview of Composite Likelihood Methods},
  volume = 21,
  year = 2011
}

@Manual{GrE08,
  title = {poilog: Poisson lognormal and bivariate Poisson lognormal distribution},
  author = {Vidar G. and Steinar E.},
  year = {2008},
  note = {R package version 0.4},
  }
  
  @TechReport{PeP12,
 author = {Petersen, K. B. and Pedersen, M. S.},
 title = {The Matrix Cookbook},
 institution = {Technical University of Denmark},
 year = {2012},
 month = {November 15},
 note = {{\tt www.math.uwaterloo.ca/hwolkowi/matrixcookbook.pdf}},
 url = {www.math.uwaterloo.ca/hwolkowi/matrixcookbook.pdf},
}
